<record><leader>00000cas a22000007a 4500</leader><controlfield tag="001">13695710</controlfield><controlfield tag="008">860606d18311841pauwr ne      0    0eng d</controlfield><datafield ind1=" " ind2=" " tag="010"><subfield code="a">sn 86081506 </subfield></datafield><datafield ind1=" " ind2=" " tag="040"><subfield code="a">NPH</subfield><subfield code="b">eng</subfield><subfield code="c">NPH</subfield><subfield code="d">NPX</subfield><subfield code="d">KRTAS</subfield><subfield code="d">OCLCQ</subfield></datafield><datafield ind1=" " ind2=" " tag="042"><subfield code="a">msc</subfield></datafield><datafield ind1="0" ind2="4" tag="245"><subfield code="a">The Muncy telegraph.</subfield></datafield><datafield ind1=" " ind2=" " tag="260"><subfield code="a">Muncy, Pa. :</subfield><subfield code="b">[J. Potter Patterson]</subfield></datafield><datafield ind1=" " ind2=" " tag="300"><subfield code="a">v. ;</subfield><subfield code="c">50 cm.</subfield></datafield><datafield ind1=" " ind2=" " tag="310"><subfield code="a">Weekly</subfield></datafield><datafield ind1="1" ind2=" " tag="362"><subfield code="a">Began in 1831; ceased in 1841.</subfield><subfield code="z">Cf. Rossell, G.E. Pa. newspapers.</subfield></datafield><datafield ind1=" " ind2=" " tag="500"><subfield code="a">Publisher's name recorded in Gernerd, J.M.M. Muncy Valley.</subfield></datafield><datafield ind1=" " ind2=" " tag="500"><subfield code="a">Publishers: J. Potter Patterson, &lt;1833&gt;; John Kidd Shoemaker, &lt;1839&gt;.</subfield></datafield><datafield ind1=" " ind2=" " tag="588"><subfield code="a">Description based on: Vol. 3, no. 1 (Oct. 5, 1833).</subfield></datafield><datafield ind1=" " ind2=" " tag="752"><subfield code="a">United States</subfield><subfield code="b">Pennsylvania</subfield><subfield code="c">Lycoming</subfield><subfield code="d">Muncy.</subfield></datafield><datafield ind1=" " ind2=" " tag="938"><subfield code="a">Kirtas Technologies, Inc.</subfield><subfield code="b">KRTS</subfield><subfield code="n">739637</subfield></datafield></record>